<record><leader>00000cas a2200000 a 4500</leader><controlfield tag="001">41438082</controlfield><controlfield tag="008">990526d19391964oruwr ne      0    0eng c</controlfield><datafield ind1=" " ind2=" " tag="010"><subfield code="a">sn 99063847 </subfield></datafield><datafield ind1=" " ind2=" " tag="040"><subfield code="a">OCN</subfield><subfield code="b">eng</subfield><subfield code="c">OCN</subfield><subfield code="d">OCLCQ</subfield><subfield code="d">OCLCF</subfield><subfield code="d">OCLCO</subfield></datafield><datafield ind1="1" ind2=" " tag="029"><subfield code="a">AU@</subfield><subfield code="b">000020230335</subfield></datafield><datafield ind1=" " ind2=" " tag="042"><subfield code="a">pcc</subfield></datafield><datafield ind1=" " ind2=" " tag="043"><subfield code="a">n-us-or</subfield></datafield><datafield ind1="0" ind2="0" tag="245"><subfield code="a">North Lincoln news guard.</subfield></datafield><datafield ind1=" " ind2=" " tag="260"><subfield code="a">DeLake, North Lincoln County, Or. :</subfield><subfield code="b">G.G. Sittser, Jr.,</subfield><subfield code="c">1939-1964.</subfield></datafield><datafield ind1=" " ind2=" " tag="300"><subfield code="a">v.</subfield></datafield><datafield ind1=" " ind2=" " tag="310"><subfield code="a">Weekly</subfield></datafield><datafield ind1="0" ind2=" " tag="362"><subfield code="a">Vol. 13, no. 22 (Oct. 13, 1939)-v. 37, no. 38 (Jan. 9, 1964).</subfield></datafield><datafield ind1=" " ind2=" " tag="500"><subfield code="a">1948-1950 includes newspaper published by Taft High School students.</subfield></datafield><datafield ind1=" " ind2=" " tag="530"><subfield code="a">Also issued on microfilm from University of Oregon.</subfield></datafield><datafield ind1=" " ind2="0" tag="651"><subfield code="a">Lincoln City (Or.)</subfield><subfield code="v">Newspapers.</subfield></datafield><datafield ind1=" " ind2="7" tag="655"><subfield code="a">Newspapers.</subfield><subfield code="2">fast</subfield><subfield code="0">(OCoLC)fst01423814</subfield></datafield><datafield ind1=" " ind2="7" tag="651"><subfield code="a">Oregon</subfield><subfield code="z">Lincoln City.</subfield><subfield code="2">fast</subfield><subfield code="0">(OCoLC)fst01226330</subfield></datafield><datafield ind1="0" ind2="2" tag="740"><subfield code="a">High life.</subfield></datafield><datafield ind1=" " ind2=" " tag="752"><subfield code="a">United States</subfield><subfield code="b">Oregon</subfield><subfield code="c">Lincoln</subfield><subfield code="d">Lincoln City.</subfield></datafield><datafield ind1="0" ind2="0" tag="780"><subfield code="t">North Lincoln coast guard in combination with the beach resort news</subfield><subfield code="w">(DLC)sn 99063846</subfield></datafield><datafield ind1="0" ind2="0" tag="785"><subfield code="t">News-guard</subfield><subfield code="w">(DLC)sn 99063848</subfield></datafield></record>